<record><leader>00000cas a22000007a 4500</leader><controlfield tag="001">15560027</controlfield><controlfield tag="008">870421d19671980inuwr ne      0    0eng d</controlfield><datafield ind1=" " ind2=" " tag="010"><subfield code="a">sn 87055784 </subfield></datafield><datafield ind1=" " ind2=" " tag="040"><subfield code="a">NPI</subfield><subfield code="b">eng</subfield><subfield code="c">NPI</subfield><subfield code="d">OCLCQ</subfield></datafield><datafield ind1=" " ind2=" " tag="042"><subfield code="a">msc</subfield></datafield><datafield ind1="0" ind2="0" tag="245"><subfield code="a">Enterprise-record.</subfield></datafield><datafield ind1=" " ind2=" " tag="260"><subfield code="a">Mishawaka, Ind. :</subfield><subfield code="b">Edith Boys Enos,</subfield><subfield code="c">1967-1980.</subfield></datafield><datafield ind1=" " ind2=" " tag="310"><subfield code="a">Weekly</subfield></datafield><datafield ind1="0" ind2=" " tag="362"><subfield code="a">112th year, no. 25 (June 22, 1967)-v. 125, no. 16 (Apr. 17, 1980).</subfield></datafield><datafield ind1=" " ind2=" " tag="752"><subfield code="a">United States</subfield><subfield code="b">Indiana</subfield><subfield code="c">Saint Joseph</subfield><subfield code="d">Mishawaka.</subfield></datafield><datafield ind1="0" ind2="4" tag="780"><subfield code="t">Mishawaka enterprise (Mishawaka, Ind. : 1854)</subfield><subfield code="w">(DLC)sn 84037951</subfield></datafield><datafield ind1="0" ind2="4" tag="780"><subfield code="t">Record (South Bend, Ind.)</subfield><subfield code="w">(DLC)sn 87055740</subfield></datafield><datafield ind1="0" ind2="0" tag="785"><subfield code="t">Mishawaka enterprise record</subfield><subfield code="w">(DLC)sn 87056077</subfield></datafield></record>